@inproceedings{liu_cvpr2010,
    title = {Fast Directional Chamfer Matching},
    author = {Ming-Yu Liu and Oncel Tuzel and Ashok Veeraraghavan and Rama Chellappa},
    booktitle = {CVPR},
    year = {2010},
	publisher = {IEEE Computer Society}
}
