@inproceedings{liu_cvpr2011,
    title = {Entropy Rate Superpixel Segmentation},
    author = {Ming-Yu Liu and Oncel Tuzel and Srikumar Ramalingam and Rama Chellappa},
    booktitle = {CVPR},
    year = {2011},
	publisher = {IEEE Computer Society}
}
